0130003    01234EUR2 01234567890  120124                                                  0000010173118I                
0430003000501234EUR2E0123456789018130124  130124VIR INST MA JOLIE BOUTIQUE       0000000000000000010401G                
0530003000501234EUR2E0123456789018130124     LIBfacture F230875                                                         
0530003000501234EUR2E0123456789018130124     NPYMA JOLIE BOUTIQUE                                                       
0530003000501234EUR2E0123456789018130124     NBEAKRETION FRANCE                                                         
0430003000501234EUR2E0123456789018130124  130124VIR DURANCIA MONTGENEVRE         0000000000000000013210{                
0530003000501234EUR2E0123456789018130124     LIBF230866 F230765 F238765                                                 
0530003000501234EUR2E0123456789018130124     NPYDURANCIA MONTGENEVRE                                                    
0530003000501234EUR2E0123456789018130124     NBEAKRETION FRANCE                                                         
0530003000501234EUR2E0123456789018130124     LCCF230866 F230765 F238765                                                 
0530003000501234EUR2E0123456789018130124     RCN0018937                                                                 
0430003000501234EUR2E0123456789018130124  130124VIR DITRI CAMPING NORD           0000000000000000047729A                
0530003000501234EUR2E0123456789018130124     LIBACOMPTE PROJET CIMENT LOT2                                              
0530003000501234EUR2E0123456789018130124     NPYDITRI CAMPING NORD                                                      
0530003000501234EUR2E0123456789018130124     NBEAKRETION FRANCE                                                         
0530003000501234EUR2E0123456789018130124     LCCACOMPTE PROJET CIMENT LOT2                                              
0530003000501234EUR2E0123456789018130124     RCNF230987, F231234                                                        
0430003062101234EUR2E0123456789045130124  130124VIR Econymo Software SARL        0000000000000000023411B                
0530003062101234EUR2E0123456789045130124     LIBInvoice F235678                                                         
0530003062101234EUR2E0123456789045130124     NPYEconymo Software SARL                                                   
0530003000501234EUR2E0123456789018130124     NBEAKRETION FRANCE                                                         
0530003062101234EUR2E0123456789045130124     LCCInvoice F235678                                                         
0430003000501234EUR2E0123456789018130124  130124VIR RATP                         0000000000000000002188{                
0530003000501234EUR2E0123456789018130124     LIBAkretion factures F239765/F237654/F239875/F240001                       
0530003000501234EUR2E0123456789018130124     NPYRATP                                                                    
0530003000501234EUR2E0123456789018130124     NBEAKRETION FRANCE                                                         
0430003000501234EUR2E0123456789018130124  130124VIR DGA FRANCE                   0000000000000000005108{                
0530003000501234EUR2E0123456789018130124     LIBF238765+F229876                                                         
0530003000501234EUR2E0123456789018130124     NPYDGA FRANCE                                                              
0530003000501234EUR2E0123456789018130124     NBEAKRETION FRANCE                                                         
0530003000501234EUR2E0123456789018130124     RCN9                                                                       
0430003000501234EUR2E0123456789018130124  130124VIR BROMBIJ BV                   0000000000000000005207H                
0530003000501234EUR2E0123456789018130124     LIBDV8762382 DV2937982                                                     
0530003000501234EUR2E0123456789018130124     NPYBROMBIJ BV                                                              
0530003000501234EUR2E0123456789018130124     NBEAKRETION FRANCE                                                         
0530003000501234EUR2E0123456789018130124     RCN0088023                                                                 
0430003000501234EUR2E0123456789018130124  130124VIR PRINT SARL                   0000000000000000015522C                
0530003000501234EUR2E0123456789018130124     NPYPRINT SARL                                                              
0530003000501234EUR2E0123456789018130124     NBEAKRETION                                                                
0530003000501234EUR2E0123456789018130124     RCNREGLEMENT PRINT SARL                                                    
0430003000501234EUR2E0123456789018130124  130124VIR PRARIAL OT MONTG             0000000000000000056907F                
0530003000501234EUR2E0123456789018130124     LIBVIR -F238765 AKR                                                        
0530003000501234EUR2E0123456789018130124     NPYPRARIAL OT MONTG                                                        
0530003000501234EUR2E0123456789018130124     NBEAKRETION FRANCE                                                         
0530003000501234EUR2E0123456789018130124     RCN2023-12-31                                                              
0430003029101234EUR2E01234567890B1130124  130124PRLV SEPA FREE MOBILE            0000000000000000000199R                
0530003029101234EUR2E01234567890B1130124     NPYNIMPORTEQUOI                                                            
0530003029101234EUR2E01234567890B1130124     IPYfmc-31375826                                                            
0530003029101234EUR2E01234567890B1130124     RCNfmpmt-1168225394                                                        
0530003029101234EUR2E01234567890B1130124     IBEFR07ZZZ591778                      IDENTIFIANT CREANCIER SEPA           
0530003029101234EUR2E01234567890B1130124     RUMFM-47933521-1                      RCUR                                 
0430003029101234EUR2E01234567890B1130124  130124PRLV SEPA FREE MOBILE            0000000000000000000199R                
0530003029101234EUR2E01234567890B1130124     NPYNIMPORTEQUOI                                                            
0530003029101234EUR2E01234567890B1130124     IPYfmc-7239746387                                                          
0530003029101234EUR2E01234567890B1130124     NBEFREE MOBILE                                                             
0530003029101234EUR2E01234567890B1130124     RCNfmpmt-1290437493                                                        
0530003029101234EUR2E01234567890B1130124     IBEFR07ZZZ591778                      IDENTIFIANT CREANCIER SEPA           
0530003029101234EUR2E01234567890B1130124     RUMFM-793478343-1                     RCUR                                 
0430003029101234EUR2E01234567890B1130124  130124PRLV SEPA Orange                 0000000000000000006171M                
0530003029101234EUR2E01234567890B1130124     LIBFIBENT - FR - Facture: 76662391 - Compte Fact: 30008765 - Ident: 00003  
0530003029101234EUR2E01234567890B1130124     NPYAKRETION FRANCE                                                         
0530003029101234EUR2E01234567890B1130124     NBEOrange                                                                  
0530003029101234EUR2E01234567890B1130124     LCCFIBENT - FR - Facture: 76662391 - Compte Fact: 30008765 - Ident: 00003  
0530003029101234EUR2E01234567890B1130124     LC2263                                                                     
0530003029101234EUR2E01234567890B1130124     RCN)30008765 76662391         45 3                                         
0530003029101234EUR2E01234567890B1130124     IBEFR18ZZZ002305                      IDENTIFIANT CREANCIER SEPA           
0530003029101234EUR2E01234567890B1130124     RUM++48398735847564876543             RCUR                                 
0430003029101234EUR2E01234567890B1130124  130124PRLV SEPA Orange                 0000000000000000030375N                
0530003029101234EUR2E01234567890B1130124     LIBFIBENT - FR - Facture: 76662392 - Compte Fact: 30008765 - Ident: 00003  
0530003029101234EUR2E01234567890B1130124     NPYAKRETION FRANCE                                                         
0530003029101234EUR2E01234567890B1130124     NBEOrange                                                                  
0530003029101234EUR2E01234567890B1130124     LCCFIBENT - FR - Facture: 76662392 - Compte Fact: 30008765 - Ident: 00003  
0530003029101234EUR2E01234567890B1130124     LC2074                                                                     
0530003029101234EUR2E01234567890B1130124     RCN)30008765 76662392         45 3                                         
0530003029101234EUR2E01234567890B1130124     IBEFR18ZZZ002305                      IDENTIFIANT CREANCIER SEPA           
0530003029101234EUR2E01234567890B1130124     RUM++97765287983503577563             RCUR                                 
0730003    01234EUR2 01234567890  130124                                                  0000010315857I                
